% Example bibliography for BibTeX
% Help available at http://en.wikibooks.org/wiki/LaTeX/Bibliography_Management

@Misc{secudep,
  OPTkey          = {},
  author          = "",
  title           = {Secure Deployment for Challenging Environments},
  OPThowpublished = {},
  OPTmonth        = {},
  OPTyear         = {},
  year            = "accessed 26.5.2016.",
  note            = {URL: \url{https://github.com/ouspg/secudep}},
  OPTannote       = {}
}

@Misc{alpine-pxe-boot-howto,
  OPTkey          = {},
  author          = "",
  title           = {{PXE} Boot HOWTO - {A}lpine {L}inux},
  OPThowpublished = {},
  OPTmonth        = {},
  OPTyear         = {},
  year            = "accessed 26.5.2016.",
  note            = {URL: \url{https://wiki.alpinelinux.org/wiki/PXE_boot}},
  OPTannote       = {}
}

@Misc{boot-foo-sh,
  OPTkey          = {},
  author          = "Timo Mäkinen",
  title           = {boot.foo.sh installation automation},
  OPThowpublished = {},
  OPTmonth        = {},
  OPTyear         = {},
  year            = "accessed 4.6.2016.",
  note            = {URL: \url{http://boot.foo.sh/}},
  OPTannote       = {}
}

@Misc{centos-gpg,
  OPTkey          = {},
  author          = "",
  title           = {CentOS GPG Keys - How CentOS uses GPG keys},
  OPThowpublished = {},
  OPTmonth        = {},
  OPTyear         = {},
  year            = "accessed 24.8.2016.",
  note            = {URL: \url{https://www.centos.org/keys/}},
  OPTannote       = {}
}

@techreport{RFC783,
  OPTkey          = {},
  author          = "Karen R. Sollins",
  title           = {{RFC783}: THE {TFTP} PROTOCOL (REVISION 2)},
  OPThowpublished = {Internet Requests for Comments},
  OPTmonth        = {June},
  OPTyear         = {1981},
  year            = "accessed 26.5.2016.",
  note            = {URL: \url{https://tools.ietf.org/html/rfc783}},
  OPTannote       = {}
}

@techreport{RFC903,
  OPTkey          = {},
  author          = "Finlayson and Mann and Mogul and Theimer",
  title           = {{RFC903}: A Reverse Address Resolution Protocol},
  OPThowpublished = {Internet Requests for Comments},
  OPTmonth        = {June},
  OPTyear         = {1984},
  year            = "accessed 26.5.2016.",
  note            = {URL: \url{https://tools.ietf.org/html/rfc903}},
  OPTannote       = {}
}

@techreport{RFC951,
  OPTkey          = {},
  author          = "Bill Croft and John Gilmore",
  title           = {{RFC951}: BOOTSTRAP PROTOCOL ({BOOTP})},
  OPThowpublished = {Internet Requests for Comments},
  OPTmonth        = {September},
  OPTyear         = {1985},
  year            = "accessed 26.5.2016.",
  note            = {URL: \url{https://tools.ietf.org/html/rfc951}},
  OPTannote       = {}
}

@techreport{RFC1035,
  OPTkey          = {},
  author          = "P. Mockapetris",
  title           = {{RFC1035}: Domain Names - Implementation and Specification},
  OPThowpublished = {Internet Requests for Comments},
  OPTmonth        = {March},
  OPTyear         = {1989},
  year            = "accessed 25.8.2016.",
  note            = {URL: \url{https://tools.ietf.org/html/rfc1094}},
  OPTannote       = {}
}

@techreport{RFC1094,
  OPTkey          = {},
  author          = "Bill Nowicki",
  title           = {{RFC1094}: {NFS}: Network File System Protocol Specification},
  OPThowpublished = {Internet Requests for Comments},
  OPTmonth        = {March},
  OPTyear         = {1989},
  year            = "accessed 26.5.2016.",
  note            = {URL: \url{https://tools.ietf.org/html/rfc1094}},
  OPTannote       = {}
}

@techreport{RFC1531,
  OPTkey          = {},
  author          = "Droms, R.",
  title           = {{RFC1531}: Dynamic Host Configuration Protocol},
  OPThowpublished = {Internet Requests for Comments},
  OPTmonth        = {October},
  OPTyear         = {1993},
  year            = "accessed 26.5.2016.",
  note            = {URL: \url{https://tools.ietf.org/html/rfc1531}},
  OPTannote       = {},
}

@techreport{RFC1945,
  OPTkey          = {},
  author          = "T. Berners-Lee and R. Fielding and H. Frystyk",
  title           = {{RFC1945}: Hypertext Transfer Protocol -- {HTTP/1.0}},
  OPThowpublished = {Internet Requests for Comments},
  OPTmonth        = {May},
  OPTyear         = {1996},
  year            = "accessed 26.5.2016.",
  note            = {URL: \url{https://tools.ietf.org/html/rfc1945}},
  OPTannote       = {}
}

@techreport{RFC2616,
  OPTkey          = {},
  author          = "R. Fielding and J. Gettys and J. Mogul and H. Frystyk and L. Masinter and P. Leach and T. Berners-Lee",
  title           = {{RFC2616}: Hypertext Transfer Protocol -- {HTTP/1.1}},
  OPThowpublished = {Internet Requests for Comments},
  OPTmonth        = {June},
  OPTyear         = {1999},
  year            = "accessed 25.8.2016.",
  note            = {URL: \url{https://tools.ietf.org/html/rfc2616}},
  OPTannote       = {}
}

@techreport{RFC4035,
  OPTkey          = {},
  author          = "R. Arends and R. Austein and M. Larson and D. Massey and S. Rose",
  title           = {{RFC4035}: Protocol Modifications for the DNS Security Extensions},
  OPThowpublished = {Internet Requests for Comments},
  OPTmonth        = {March},
  OPTyear         = {2005},
  year            = "accessed 25.8.2016.",
  note            = {URL: \url{https://tools.ietf.org/html/rfc4035}},
  OPTannote       = {}
}

@techreport{RFC4880,
  OPTkey          = {},
  author          = "J. Callas and L. Donnerhacke and H. Finney and D. Shaw and R. Thayer",
  title           = {{RFC4880}: OpenPGP Message Format},
  OPThowpublished = {Internet Requests for Comments},
  OPTmonth        = {November},
  OPTyear         = {2007},
  year            = "accessed 29.8.2016.",
  note            = {URL: \url{https://tools.ietf.org/html/rfc4880}},
  OPTannote       = {}
}

@techreport{RFC5246,
  OPTkey          = {},
  author          = "T. Dierks and E. Rescorla",
  title           = {{RFC5246}: The Transport Layer Security (TLS) Protocol Version 1.2},
  OPThowpublished = {Internet Requests for Comments},
  OPTmonth        = {August},
  OPTyear         = {2008},
  year            = "accessed 30.6.2016.",
  note            = {URL: \url{https://tools.ietf.org/html/rfc5246}},
  OPTannote       = {}
}


@techreport{RFC5751,
  OPTkey          = {},
  author          = "B. Ramsdell and S. Turner",
  title           = {{RFC5751}: Secure/Multipurpose Internet Mail Extensions (S/MIME) Version 3.2: Message Specification},
  OPThowpublished = {Internet Requests for Comments},
  OPTmonth        = {January},
  OPTyear         = {2010},
  year            = "accessed 29.8.2016.",
  note            = {URL: \url{https://tools.ietf.org/html/rfc5751}},
  OPTannote       = {}
}

@techreport{PXEspec,
  OPTkey          = {},
  author          = "T. Berners-Lee and R. Fielding and H. Frystyk",
  title           = {Preboot Execution Environment (PXE) Specification Version 2.1},
  OPThowpublished = {},
  OPTmonth        = {September},
  OPTyear         = {1999},
  year            = "accessed 18.6.2016.",
  note            = {URL: \url{ftp://download.intel.com/design/archives/wfm/downloads/pxespec.pdf}},
  OPTannote       = {}
}

@techreport{SoftDep,
  OPTkey          = {},
  author          = "Antonio Carzaniga and Alfonso Fuggetta and Richard S. Hall and Dennis Heimbigner and Andr´e van der Hoek and and Alexander L. Wolf",
  title           = {A Characterization Framework for Software Deployment Technologies},
  OPThowpublished = {},
  OPTmonth        = {April},
  OPTyear         = {1998},
  year            = "accessed 29.8.2016.",
  note            = {URL: \url{http://scholar.colorado.edu/csci_techreports/806/}},
  OPTannote       = {}
}

@book{Tanenbaum,
  author = {Tanenbaum, Andrew Stuart},
  title = {Computer Networks},
  year = {1996},
  isbn = {0133942481},
  edition = {3th},
  publisher = {Prentice Hall Professional Technical Reference},
}

@book{nichols,
  author    = {Nichols, Randall K.},
  title     = {Icsa Guide to Cryptography},
  year      = {1998},
  isbn      = {0079137598},
  publisher = {McGraw-Hill Professional},
}

@inproceedings{mobile-code-distribution,
  author    = {Jalali-Sohi, Mehrdad and Foka, Rigobert and Hachez, Gaël and Beitlich, Alexander},
  title     = {{An integrated secure Web architecture for protected Mobile code distribution}},
  booktitle = {Communications and Multimedia Security Issues of the New Century},
  publisher = {Kluwer Publishers},
  editor    = {R. Steinmetz, J. Dittmann, M. Steinebach},
  series    = {IFIP International Federation for Inform},
  volume    = {192},
  month     = {4},
  year      = {2001},
}

@techreport{nsa-prism,
  OPTkey          = {},
  author          = "Caspar Bowden",
  title           = {The US Surveillance Programmes and Their Impact on EU Citizens' Fundamental Rights},
  OPThowpublished = {},
  OPTmonth        = {September},
  OPTyear         = {2013},
  year            = "accessed 9.7.2016.",
  note            = {URL: \url{http://www.europarl.europa.eu/thinktank/en/document.html?reference=IPOL-LIBE_NT(2013)474405}},
  OPTannote       = {}
}

@techreport{nsa-tao,
  OPTkey          = {},
  author          = "Rob Joyce",
  title           = {Disrupting nation state hackers},
  OPThowpublished = {},
  OPTmonth        = {January},
  OPTyear         = {2016},
  year            = "accessed 9.7.2016.",
  note            = {URL: \url{https://www.usenix.org/conference/enigma2016/conference-program/presentation/joyce}},
  OPTannote       = {}
}

@article{Diffie:2006:NDC:2263321.2269104,
  author     = {Diffie, W. and Hellman, M.},
  title      = {New Directions in Cryptography},
  journal    = {IEEE Trans. Inf. Theor.},
  issue_date = {November 1976},
  volume     = {22},
  number     = {6},
  month      = sep,
  year       = {2006},
  issn       = {0018-9448},
  pages      = {644--654},
  numpages   = {11},
  url        = {http://dx.doi.org/10.1109/TIT.1976.1055638},
  doi        = {10.1109/TIT.1976.1055638},
  acmid      = {2269104},
  publisher  = {IEEE Press},
  address    = {Piscataway, NJ, USA},
}

@article{Goldwasser:1988:DSS:45474.45480,
  author     = {Goldwasser, Shafi and Micali, Silvio and Rivest, Ronald L.},
  title      = {A Digital Signature Scheme Secure Against Adaptive Chosen-message Attacks},
  journal    = {SIAM J. Comput.},
  issue_date = {April 1988},
  volume     = {17},
  number     = {2},
  month      = apr,
  year       = {1988},
  issn       = {0097-5397},
  pages      = {281--308},
  numpages   = {28},
  url        = {http://dx.doi.org/10.1137/0217017},
  doi        = {10.1137/0217017},
  acmid      = {45480},
  publisher  = {Society for Industrial and Applied Mathematics},
  address    = {Philadelphia, PA, USA},
}

@Article{Hashizume2013,
  author="Hashizume, Keiko and Rosado, David G. and Fern{\'a}ndez-Medina, Eduardo and Fernandez, Eduardo B.",
  title="An analysis of security issues for cloud computing",
  journal="Journal of Internet Services and Applications",
  year="2013",
  volume="4",
  number="1",
  pages="1--13",
  abstract="Cloud Computing is a flexible, cost-effective, and proven delivery platform for providing business or consumer IT services over the Internet. However, cloud Computing presents an added level of risk because essential services are often outsourced to a third party, which makes it harder to maintain data security and privacy, support data and service availability, and demonstrate compliance. Cloud Computing leverages many technologies (SOA, virtualization, Web 2.0); it also inherits their security issues, which we discuss here, identifying the main vulnerabilities in this kind of systems and the most important threats found in the literature related to Cloud Computing and its environment as well as to identify and relate vulnerabilities and threats with possible solutions.",
  issn="1869-0238",
  doi="10.1186/1869-0238-4-5",
  url="http://dx.doi.org/10.1186/1869-0238-4-5"
}
